@misc{cheung2019,
	title        = {Examples of Spectral Sequences},
	author       = {Man Cheung and Yao-Rui},
	year         = 2019,
	publisher    = {Pensylvania State University},
	url          = {https://www2.math.upenn.edu/~yeya/spectral_sequence.pdf}
}
@book{chow2006,
	title        = {You Could Have Invented Spectral Sequences},
	author       = {Timothy Y. Chow},
	year         = 2006,
	publisher    = {Cambridge University Press}
}
@book{hatcher2001,
	title        = {Algebraic Topology},
	author       = {Allen Hatcher},
	year         = 2001,
	publisher    = {Cambridge University Press},
	url          = {https://pi.math.cornell.edu/hatcher/AT/AT.pdf}
}
@techreport{huebsch1955,
	title        = {On the Covering Homotopy Theorem},
	author       = {William Huebsch},
	year         = 1955,
	institution  = {Princeton University}
}
@misc{hutchings2011,
	title        = {Introduction to Spectral Sequences},
	author       = {Michael Hutchings},
	year         = 2011,
	url          = {https://math.berkeley.edu/~hutching/teach/215b-2011/ss.pdf},
	institution  = {Berkeley University}
}
@misc{mccleary2013,
	title        = {A History of Spectral Sequences},
	author       = {John McCleary},
	year         = 2013,
	url          = {https://www.algtop.net/wp-content/uploads/2012/02/docs_conf_ren-uir-2013_slides_MeknesTalk2013.pdf},
	institution  = {Universit´e de Meknes}
}
@book{munkres2000,
	title        = {Topology: A First Course},
	author       = {James Munkres},
	year         = 2000,
	publisher    = {Prentice Hall}
}
@misc{serre1951,
	title        = {Homologie Singulière des Espaces Fibrés},
	author       = {Jean-Pierre Serre},
	year         = 1951,
	journal      = {Annals of Mathematics},
	volume       = 54,
	number       = 3,
	pages        = {425--505}
}
@misc{stern2017,
	title        = {Homological Algebra of Spectral Sequences},
	author       = {Reuben Stern},
	year         = 2017,
	url          = {https://scholar.harvard.edu/files/rastern/files/homological_0.pdf},
	institution  = {Harvard University}
}
@misc{hatcherSpectralSequences,
	title        = {Spectral Sequences},
	author       = {Allen Hatcher},
	url          = {https://pi.math.cornell.edu/hatcher/AT/SSpage.html},
	institution  = {Cornell University},
    year         = 2004
}
@book{mccleary2001,
	title        = {A User’s Guide to Spectral Sequences},
	author       = {John McCleary},
	year         = 2001,
	publisher    = {Cambridge University Press},
	series       = {Cambridge Studies in Advanced Mathematics},
	volume       = 58,
	edition      = {2nd}
}
@book{novikov2012,
	title        = {Topological Library. Part 3. Spectral Sequences in Topology},
	year         = 2012,
	publisher    = {World Scientific Publishing},
	series       = {Series on Knots and Everything},
	volume       = 50
}
@book{vershinin1993,
	title        = {Cobordisms and Spectral Sequences},
	author       = {V. V. Vershinin},
	year         = 1993,
	publisher    = {American Mathematical Society},
	series       = {Translations of Mathematical Monographs},
	volume       = 130
}
